|0000|011|0|01012017|31012017|EMPRESA FICTICIA LTDA|12345678900122||SP|04700123|2304400|||B|0|
|0001|0|
|0005|EMPRESA FICTICIA LTDA|60135900|BAIRRO|S/N|EDIFICIO ABC|XPTO|8534668888|||
|0100|JOAO DA SILVA|555555555|SP33333||55400000|RUA ABC BRASIL|1111|TERREO|CENTRO|33333333||joao@hotmail.com.br|2304400|
|0150|1008460F|TIM CELULAR S.A.|01058|04206050008750||066996970|2304400||AV BARAO DE STUDART|2575||SALA 01 02 03 E 04|
|0150|1012326C|FRANCISCO SILVA|01058||83372350391||2304400||TRAVESSA LEME|51|TERREO|VICENTE PINZON|
|0150|1012344C|ANTONIA SILVA|01058||32643608291||2307700||R MARIA SOCORRO A MENEZES|425|TERREO|SANTOS DUMONT|
|0175|16012017|03|ANTONIA SILVA|
|0150|1012872C|RENATO SILVA|01058||34545372821||3549904||RUA DEPUTADO FERNANDO FERRARI|85|TERREO|ALTO DA PONTE|
|0150|1117294F|TELEFONICA BRASIL S.A.|01058|02558157001134||066688779|2304400||AV SENADOR VIRGILIO TAVORA|1001||PARTE|
|0150|1223522F|OI S.A.|01058|76535764032690||0740892700223|5300108||SCS QUADRA|02||BLOCO E PROJ. 21|
|0150|496069F|CLARO S.A.|01058|40432544016140||062662694|2304400||AV SANTOS DUMONT|2811||TERREO|
|0150|604923F|COMPANHIA ENERGETICA DO CEARA|01058|07047251000170||061058483|2304400||R PADRE VALDEVINO|150||TERREO|
|0150|736849F|INTERCARGAS ENCOMENDAS E CARGAS LTDA|01058|05616845000120||066950147|2304400||R JOAO DE ARAUJO LIMA|1000||TERREO|
|0150|866092F|R M STUDART SOARES COMERCIO E SERVICOS LTDA - ME|01058|11737152000198||064230570|2304400||R PAULO MORAIS|202||TERREO|
|0150|897090F|TELEMAR NORTE LESTE S/A|01058|33000118001574||061062057|2304400||AV SANTOS DUMONT|6355||1 ANDAR SALA 01 A 10|
|0190|UD|UNIDADE|
|0200|1000012671|CAMISA COMUM(T-SHIRT) GOLA CARECA MANGA:CURTA UNISSEX FRENTE:FECHADA TECIDO:ALG COR:PT TAMANHO:M LOGOMARCA:NIGHT POWER|||ud|07|62052000||62||17||
|0200|1000062029|CHIP CELULAR GSM CLARO 128KB CODIGO DDD:21 PRE-PAGO|||ud|07|85235200||85||17||
|0400|E556.02|COMPRA DE MATERIAL DE USO/CONSUMO - FORNEC. OP. P/ SIMPLES NACIONAL|
|0400|E407.01|COMPRA DE MATERIAL DE USO/CONSUMO PROD. SUJ. SUBS. TRIBUTARIA|
|0450|767498|41-Nao Incidencia do ICMS Conf. Art 591 e 591-A, Inciso I, Decreto n 24.569/97 - RICMS-CE|
|0450|767499|Referente a NF de aquisicao n 6.037.197 de 30/05/2013. - FROTA BT021507 / GASOLINA / COR:VERDE / PLACA XXXXX-CE/CHASSI 999999999999 / RENAVAM 555555550|
|0450|767500|Referente NF de Aquisicao n 6.037.192 de 30/05/2013. - FROTA BT021503 / GASOLINA / COR:VERDE / PLACA XXXXXX-CE/CHASSI 999999999993 / RENAVAM 5555555550|
|0450|767501|Referente NF de aquisicao n 6.032.130 de 29/05/2013. - FROTA BT021523 / GASOLINA / COR:BRANCA / PLACA XXXXX-CE/CHASSI 999999999995 / RENAVAM 55555555555|
|0450|767502|REF. 03/16|
|0450|767503|ref. fat. 61440|
|0450|767504|ref. fat. 63386|
|0450|767505|ref. fat. 63386 - 07/16|
|0450|767506|ref. fat. 82367071 - 12/2016|
|0450|767507|REF. 11/16|
|0450|767508|ref. fat. 60179|
|0450|767509|REF. FAT. 62825|
|0450|767510|REF. 10/16|
|0450|767511|REF. 08/16|
|0450|767512|ref. fat. 53337|
|0450|767513|REF. FAT. 45443 - DEZ/2016|
|0450|767514|ref. 63396|
|0450|767515|ref. fat 55372 / 05/12|
|0450|767516|REF. FAT. 82296549 - 12/2016|
|0450|767517|ref. 06/16|
|0450|767518|REF. FAT 45811|
|0450|767519|ref. fat 63386|
|0450|767520|ref. fat. 55372 -|
|0450|767521|ref. 07/16|
|0450|767522|ref. 62994|
|0450|767523|ref. fat. 90857|
|0450|767524|REF. FAT. 44952 - 01/2017|
|0990|49|
|C001|0|
|C100|1|0|1012326C|55|00|001|000000191|23170100048785000172550010000001911878007742|16012017||1098,10|1|0,00|0,00|1098,10|9|0,00|0,00|0,00|0,00|0,00|0,00|0,00|0,00|0,00|0,00|0,00|0,00|
|C110|767498||
|C110|767499||
|C190|041|5551|0,00|1098,10|0,00|0,00|0,00|0,00|0,00|0,00||
|C100|1|0|1012344C|55|00|001|000000193|23170100048785000172550010000001931460925763|24012017||319,98|1|0,00|0,00|319,98|9|0,00|0,00|0,00|0,00|0,00|0,00|0,00|0,00|0,00|0,00|0,00|0,00|
|C110|767498||
|C110|767500||
|C190|041|5551|0,00|319,98|0,00|0,00|0,00|0,00|0,00|0,00||
|C100|0|1|866092F|55|00|001|000002019|23170111737152000198550010000020191476000023|20012017|23012017|500,00|1|0,00|0,00|500,00|0|0,00|0,00|0,00|0,00|0,00|0,00|0,00|0,00|0,00|0,00|0,00|0,00|
|C170|1|1000012671||20,00000|ud|500,00|0,00|0|090|1556|E556.02|0,00|0,00|0,00|0,00|0,00|0,00|0|49||0,00|0,00|0,00|70|0,00|0,0000|0,000|0,00|0,00|70|0,00|0,0000|0,000|0,00|0,00|61031004999|
|C190|090|1556|0,00|500,00|0,00|0,00|0,00|0,00|0,00|0,00||
|C100|0|1|496069F|55|00|004|000092745|23160340432544016140550040000927451061378358|28032016|17012017|2,00|1|0,00|0,00|2,00|0|0,00|0,00|0,00|0,00|0,00|0,00|0,00|0,00|0,00|0,00|0,00|0,00|
|C170|1|1000062029||2,00000|ud|2,00|0,00|1|060|1407|E407.01|0,00|0,00|0,00|0,00|0,00|0,00|0|49||0,00|0,00|0,00|70|0,00|0,0000|0,000|0,00|0,00|70|0,00|0,0000|0,000|0,00|0,00|62031303001|
|C190|060|1407|0,00|2,00|0,00|0,00|0,00|0,00|0,00|0,00||
|C100|1|0|1012872C|55|00|001|000000192|23170100048785000172550010000001921686817182|17012017||1545,54|1|0,00|0,00|1545,54|9|0,00|0,00|0,00|0,00|0,00|0,00|0,00|0,00|0,00|0,00|0,00|0,00|
|C110|767498||
|C110|767501||
|C190|041|6551|0,00|1545,54|0,00|0,00|0,00|0,00|0,00|0,00||
|C100|1|0||55|02|001|000000189|23170100048785000172550010000001891669421181|||||||||||||||||||||
|C100|1|0||55|05|001|000000190||||||||||||||||||||||
|C500|0|1|604923F|06|00|B-4|||462083165|17012017|24012017|469,15|0,00|469,15|0,00|0,00|0,00|0,00|0,00|0,00|0,00||6,84|31,52|||
|C590|041|1253|0,00|54,42|0,00|0,00|0,00|0,00|0,00||
|C590|090|1253|0,00|414,73|0,00|0,00|0,00|0,00|0,00||
|C990|25|
|D001|0|
|D100|0|1|736849F|57|00|002||000001573|23170105616845000120570020000015731132073834|11012017|25012017|0||738,00|0,00|9|738,00|0,00|0,00|0,00|||
|D190|090|1353|0,00|738,00|0,00|0,00|0,00||
|D100|0|1|736849F|57|00|002||000001572|23170105616845000120570020000015721759230330|10012017|25012017|0||829,98|0,00|9|829,98|0,00|0,00|0,00|||
|D190|090|1353|0,00|829,98|0,00|0,00|0,00||
|D100|0|1|736849F|57|00|001||000032942|23160705616845000120570010000329421772112364|20072016|20012017|0||1216,58|0,00|9|1216,58|0,00|0,00|0,00|||
|D190|090|1353|0,00|1216,58|0,00|0,00|0,00||
|D500|0|1|496069F|21|00|B23||066040|20032016|18012017|188,79|0,00|188,79|0,00|0,00|0,00|0,00|0,00|767502|0,00|0,00||1|
|D590|090|1303|0,00|188,79|0,00|0,00|0,00|0,00|0,00||
|D500|0|1|897090F|21|00|B70||001587|20112016|20012017|25,78|0,00|25,78|0,00|0,00|0,00|0,00|0,00|767503|0,00|0,00||1|
|D590|090|1303|0,00|25,78|0,00|0,00|0,00|0,00|0,00||
|D500|0|1|1117294F|21|00|BR||000368|21072016|18012017|4,88|0,00|4,88|0,00|0,00|0,00|0,00|0,00|767504|0,00|0,00||1|
|D590|090|1303|0,00|4,88|0,00|0,00|0,00|0,00|0,00||
|D500|0|1|496069F|21|00|B23||080924|21072016|18012017|2509,97|0,00|2509,97|0,00|0,00|0,00|0,00|0,00|767505|0,00|0,00||1|
|D590|090|1303|0,00|2509,97|0,00|0,00|0,00|0,00|0,00||
|D500|0|1|897090F|21|00|BR||180242|17122016|21012017|2081,88|0,00|2081,88|0,00|0,00|0,00|0,00|0,00|767506|0,00|0,00||1|
|D590|090|1303|0,00|2081,88|0,00|0,00|0,00|0,00|0,00||
|D500|0|1|496069F|21|00|B23||088810|20112016|18012017|189,54|0,00|189,54|0,00|0,00|0,00|0,00|0,00|767507|0,00|0,00||1|
|D590|090|1303|0,00|189,54|0,00|0,00|0,00|0,00|0,00||
|D500|0|1|496069F|21|00|B23||083950|20102016|20012017|2052,97|0,00|2052,97|0,00|0,00|0,00|0,00|0,00|767508|0,00|0,00||1|
|D590|090|1303|0,00|2052,97|0,00|0,00|0,00|0,00|0,00||
|D500|0|1|1117294F|21|00|BR||000467|20102016|20012017|5,88|0,00|5,88|0,00|0,00|0,00|0,00|0,00|767508|0,00|0,00||1|
|D590|090|1303|0,00|5,88|0,00|0,00|0,00|0,00|0,00||
|D500|0|1|496069F|21|00|A7B||008750|20102016|20012017|1235,01|0,00|1235,01|0,00|0,00|0,00|0,00|0,00|767508|0,00|0,00||1|
|D590|090|1303|0,00|1235,01|0,00|0,00|0,00|0,00|0,00||
|D500|0|1|496069F|21|00|BR||067287|20052016|23012017|135,74|26,07|135,74|0,00|0,00|0,00|0,00|0,00||0,00|0,00||1|
|D590|090|1303|0,00|135,74|0,00|0,00|0,00|0,00|0,00||
|D500|0|1|496069F|21|00|A7B||009753|21122016|06012017|1240,69|0,00|1240,69|0,00|0,00|0,00|0,00|0,00|767509|0,00|0,00||1|
|D590|090|1303|0,00|1240,69|0,00|0,00|0,00|0,00|0,00||
|D500|0|1|496069F|21|00|B23||083953|20102016|18012017|189,24|0,00|189,24|0,00|0,00|0,00|0,00|0,00|767510|0,00|0,00||1|
|D590|090|1303|0,00|189,24|0,00|0,00|0,00|0,00|0,00||
|D500|0|1|496069F|21|00|B23||085637|21082016|18012017|162,12|0,00|162,12|0,00|0,00|0,00|0,00|0,00|767511|0,00|0,00||1|
|D590|090|1303|0,00|162,12|0,00|0,00|0,00|0,00|0,00||
|D500|0|1|1008460F|21|00|B3||002039|20112016|20012017|222,91|0,00|222,91|0,00|0,00|0,00|0,00|0,00|767503|0,00|0,00||1|
|D590|090|1303|0,00|222,91|0,00|0,00|0,00|0,00|0,00||
|D500|0|1|496069F|21|00|A7B||007578|20062016|18012017|57,63|0,00|57,63|0,00|0,00|0,00|0,00|0,00|767512|0,00|0,00||1|
|D590|090|1303|0,00|57,63|0,00|0,00|0,00|0,00|0,00||
|D500|0|1|1223522F|21|00|U2||045018|01122016|21012017|1540,29|0,00|1540,29|0,00|0,00|0,00|0,00|0,00|767513|0,00|0,00||1|
|D590|090|2303|0,00|1540,29|0,00|0,00|0,00|0,00|0,00||
|D500|0|1|1008460F|21|00|B3||001793|20102016|20012017|77,98|0,00|77,98|0,00|0,00|0,00|0,00|0,00|767508|0,00|0,00||1|
|D590|090|1303|0,00|77,98|0,00|0,00|0,00|0,00|0,00||
|D500|0|1|496069F|21|00|A7B||009128|20112016|20012017|1230,31|0,00|1230,31|0,00|0,00|0,00|0,00|0,00|767503|0,00|0,00||1|
|D590|090|1303|0,00|1230,31|0,00|0,00|0,00|0,00|0,00||
|D500|0|1|496069F|21|00|B23||074233|20092016|18012017|189,24|0,00|189,24|0,00|0,00|0,00|0,00|0,00||0,00|0,00||1|
|D590|090|1303|0,00|189,24|0,00|0,00|0,00|0,00|0,00||
|D500|0|1|496069F|21|00|A7B||009377|21072016|18012017|905,21|0,00|905,21|0,00|0,00|0,00|0,00|0,00|767514|0,00|0,00||1|
|D590|090|1303|0,00|905,21|0,00|0,00|0,00|0,00|0,00||
|D500|0|1|496069F|21|00|B23||067238|20052016|18012017|1230,40|0,00|1230,40|0,00|0,00|0,00|0,00|0,00|767515|0,00|0,00||1|
|D590|090|1303|0,00|1230,40|0,00|0,00|0,00|0,00|0,00||
|D500|0|1|897090F|21|00|BR||115025|13122016|06012017|106,14|0,00|106,14|0,00|0,00|0,00|0,00|0,00|767516|0,00|0,00||1|
|D590|090|1303|0,00|106,14|0,00|0,00|0,00|0,00|0,00||
|D500|0|1|496069F|21|00|B23||067396|20062016|18012017|1315,74|0,00|1315,74|0,00|0,00|0,00|0,00|0,00|767512|0,00|0,00||1|
|D590|090|1303|0,00|1315,74|0,00|0,00|0,00|0,00|0,00||
|D500|0|1|496069F|21|00|B23||067395|20062016|18012017|161,82|0,00|161,82|0,00|0,00|0,00|0,00|0,00|767517|0,00|0,00||1|
|D590|090|1303|0,00|161,82|0,00|0,00|0,00|0,00|0,00||
|D500|0|1|1223522F|21|00|U2||045422|01112016|21012017|1540,29|0,00|1540,29|0,00|0,00|0,00|0,00|0,00|767518|0,00|0,00||1|
|D590|090|2303|0,00|1540,29|0,00|0,00|0,00|0,00|0,00||
|D500|0|1|897090F|21|00|B70||001577|20102016|20012017|83,25|0,00|83,25|0,00|0,00|0,00|0,00|0,00|767508|0,00|0,00||1|
|D590|090|1303|0,00|83,25|0,00|0,00|0,00|0,00|0,00||
|D500|0|1|897090F|21|00|BR||82296612|13122016|21012017|9,82|0,00|9,82|0,00|0,00|0,00|0,00|0,00||0,00|0,00||1|
|D590|090|1303|0,00|9,82|0,00|0,00|0,00|0,00|0,00||
|D500|0|1|897090F|21|00|B70||001371|21072016|18012017|18,62|0,00|18,62|0,00|0,00|0,00|0,00|0,00|767519|0,00|0,00||1|
|D590|090|1303|0,00|18,62|0,00|0,00|0,00|0,00|0,00||
|D500|0|1|496069F|21|00|A7B||007861|20052016|18012017|66,83|0,00|66,83|0,00|0,00|0,00|0,00|0,00|767520|0,00|0,00||1|
|D590|090|1303|0,00|66,83|0,00|0,00|0,00|0,00|0,00||
|D500|0|1|496069F|21|00|B23||093286|21122016|06012017|1975,14|0,00|1975,14|0,00|0,00|0,00|0,00|0,00|767509|0,00|0,00||1|
|D590|090|1303|0,00|1975,14|0,00|0,00|0,00|0,00|0,00||
|D500|0|1|496069F|21|00|B23||088811|20112016|20012017|2241,16|0,00|2241,16|0,00|0,00|0,00|0,00|0,00|767503|0,00|0,00||1|
|D590|090|1303|0,00|2241,16|0,00|0,00|0,00|0,00|0,00||
|D500|0|1|496069F|21|00|B23||080929|21072016|18012017|162,12|0,00|162,12|0,00|0,00|0,00|0,00|0,00|767521|0,00|0,00||1|
|D590|090|1303|0,00|162,12|0,00|0,00|0,00|0,00|0,00||
|D500|0|1|897090F|21|00|BR||382531|12052016|21012017|5,81|0,00|5,81|0,00|0,00|0,00|0,00|0,00||0,00|0,00||1|
|D590|090|1303|0,00|5,81|0,00|0,00|0,00|0,00|0,00||
|D500|0|1|1008460F|21|00|B3||001970|21072016|18012017|101,77|0,00|101,77|0,00|0,00|0,00|0,00|0,00|767504|0,00|0,00||1|
|D590|090|1303|0,00|101,77|0,00|0,00|0,00|0,00|0,00||
|D500|0|1|496069F|21|00|B23||075334|21042016|18012017|358,04|0,00|358,04|0,00|0,00|0,00|0,00|0,00|767522|0,00|0,00||1|
|D590|090|1303|0,00|358,04|0,00|0,00|0,00|0,00|0,00||
|D500|0|1|496069F|21|00|A7B||009134|21042016|18012017|9,89|0,00|9,89|0,00|0,00|0,00|0,00|0,00|767522|0,00|0,00||1|
|D590|090|1303|0,00|9,89|0,00|0,00|0,00|0,00|0,00||
|D500|0|1|897090F|21|00|BR||136534|12042016|21012017|164,34|0,00|164,34|0,00|0,00|0,00|0,00|0,00|767523|0,00|0,00||1|
|D590|090|1303|0,00|164,34|0,00|0,00|0,00|0,00|0,00||
|D500|0|1|1223522F|21|00|U2||044577|01012017|21012017|1540,29|0,00|1540,29|0,00|0,00|0,00|0,00|0,00|767524|0,00|0,00||1|
|D590|090|2303|0,00|1540,29|0,00|0,00|0,00|0,00|0,00||
|D990|84|
|E001|0|
|E100|01012017|31012017|
|E110|0,00|0,00|0,00|0,00|0,00|0,00|0,00|0,00|0,00|0,00|0,00|0,00|0,00|0,00|
|E500|0|01012017|31012017|
|E510|1407|49|2,00|0,00|0,00|
|E510|1556|49|500,00|0,00|0,00|
|E510|5551|53|1418,08|0,00|0,00|
|E510|6551|53|1545,54|0,00|0,00|
|E520|0,00|0,00|0,00|0,00|0,00|0,00|0,00|
|E990|10|
|G001|1|
|G990|2|
|H001|1|
|H990|2|
|K001|0|
|K100|01012017|31012017|
|K990|3|
|1001|0|
|1010|N|N|N|N|N|N|N|N|N|
|1990|3|
|9001|0|
|9900|0000|1|
|9900|0001|1|
|9900|0005|1|
|9900|0100|1|
|9900|0150|11|
|9900|0175|1|
|9900|0190|1|
|9900|0200|2|
|9900|0400|2|
|9900|0450|27|
|9900|0990|1|
|9900|C001|1|
|9900|C100|7|
|9900|C110|6|
|9900|C170|2|
|9900|C190|5|
|9900|C500|1|
|9900|C590|2|
|9900|C990|1|
|9900|D001|1|
|9900|D100|3|
|9900|D190|3|
|9900|D500|38|
|9900|D590|38|
|9900|D990|1|
|9900|E001|1|
|9900|E100|1|
|9900|E110|1|
|9900|E500|1|
|9900|E510|4|
|9900|E520|1|
|9900|E990|1|
|9900|G001|1|
|9900|G990|1|
|9900|H001|1|
|9900|H990|1|
|9900|K001|1|
|9900|K100|1|
|9900|K990|1|
|9900|1001|1|
|9900|1010|1|
|9900|1990|1|
|9900|9001|1|
|9900|9900|46|
|9900|9990|1|
|9900|9999|1|
|9990|49|
|9999|227|
